@InProceedings{Brau_2013_ICCV,
author = {Brau, Ernesto and Guan, Jinyan and Simek, Kyle and Del Pero, Luca and Reimer Dawson, Colin and Barnard, Kobus},
title = {Bayesian 3D Tracking from Monocular Video},
booktitle = {The IEEE International Conference on Computer Vision (ICCV)},
month = {December},
year = {2013}
} 

@inproceedings{Neal2011MCMCUH,
  title={MCMC Using Hamiltonian Dynamics},
  booktitle = {Handbook of Markov Chain Monte Carlo},
  author={Radford M. Neal},
  year={2011}
}

@incollection{NIPS2015_5801,
title = {Reflection, Refraction, and Hamiltonian Monte Carlo},
author = {Mohasel Afshar, Hadi and Domke, Justin},
booktitle = {Advances in Neural Information Processing Systems 28},
editor = {C. Cortes and N. D. Lawrence and D. D. Lee and M. Sugiyama and R. Garnett},
pages = {3007--3015},
year = {2015},
publisher = {Curran Associates, Inc.},
url = {http://papers.nips.cc/paper/5801-reflection-refraction-and-hamiltonian-monte-carlo.pdf}
}

@article{Yilmaz:2006:OTS:1177352.1177355,
 author = {Yilmaz, Alper and Javed, Omar and Shah, Mubarak},
 title = {Object Tracking: A Survey},
 journal = {ACM Comput. Surv.},
 issue_date = {2006},
 volume = {38},
 number = {4},
 month = dec,
 year = {2006},
 issn = {0360-0300},
 articleno = {13},
 url = {http://doi.acm.org/10.1145/1177352.1177355},
 doi = {10.1145/1177352.1177355},
 acmid = {1177355},
 publisher = {ACM},
 address = {New York, NY, USA},
 keywords = {Appearance models, contour evolution, feature selection, object detection, object representation, point tracking, shape tracking},
}

@ARTICLE{Comaniciu2003,
author = {Comaniciu, Dorin and Ramesh, Visvanathan and Meer, Peter},
journal = {IEEE Transactions on Pattern Analysis and Machine Intelligence},
title = {Kernel-Based Object Tracking},
year = {2003},
volume = {25},
pages = {564-575},
doi = {10.1109/TPAMI.2003.1195991},
publisher = {IEEE Computer Society},
address = {Los Alamitos, CA, USA},
month = {may}
}

@article{YILMAZ2003623,
title = "Target tracking in airborne forward looking infrared imagery",
journal = "Image and Vision Computing",
volume = "21",
number = "7",
pages = "623 - 635",
year = "2003",
note = "Computer Vision beyond the visible spectrum",
issn = "0262-8856",
doi = "https://doi.org/10.1016/S0262-8856(03)00059-3",
url = "http://www.sciencedirect.com/science/article/pii/S0262885603000593",
author = "Alper Yilmaz and Khurram Shafique and Mubarak Shah",
keywords = "FLIR imagery, Target tracking, Target detection, Global motion compensation, Mean-shift",
}

@ARTICLE {4767755,
author = {T. J. Broida and R. Chellappa},
journal = {IEEE Transactions on Pattern Analysis and Machine Intelligence},
title = {Estimation of Object Motion Parameters from Noisy Images},
year = {1986},
volume = {8},
number = {01},
issn = {1939-3539},
pages = {90-99},
keywords = {motion estimation;image motion analysis;recursive estimation;noise level;parameter estimation;image resolution;motion analysis;aerospace electronics;optical noise;coordinate measuring machines},
doi = {10.1109/TPAMI.1986.4767755},
publisher = {IEEE Computer Society},
address = {Los Alamitos, CA, USA},
month = {jan}
}

@article{BarShalom1990,
author = {Bar‚ÄêShalom, Yaakov and Fortmann, Thomas E. and Cable, Peter G.},
title = {Tracking and Data Association},
journal = {The Journal of the Acoustical Society of America},
volume = {87},
number = {2},
pages = {918-919},
year = {1990},
doi = {10.1121/1.398863},
URL = {https://doi.org/10.1121/1.398863},
eprint = {https://doi.org/10.1121/1.398863}
}

@ARTICLE{317728,
author={Streit, R. L. and Luginbuhl, T. E.},
journal={IEEE Transactions on Neural Networks},
title={Maximum likelihood training of probabilistic neural networks},
year={1994},
volume={5},
number={5},
pages={764-783},
keywords={probability;neural nets;learning (artificial intelligence);estimation theory;nonparametric statistics;maximum likelihood estimation;pattern recognition;maximum likelihood training;probabilistic neural networks;Gaussian kernel;Parzen window;general nonlinear discrimination;Fisher's method;linear discrimination;class pooling;smooth discriminant boundaries;statistical robustness;nonparametric statistical methods;tolerance intervals;classification performance;Neural networks;Maximum likelihood estimation;Statistical analysis;Random variables;Sections;Costs;Computer architecture;Robustness;Measurement errors;Probability density function},
doi={10.1109/72.317728},
ISSN={},
month={Sep.},}

@article{LI2018323,
title = "Deep visual tracking: Review and experimental comparison",
journal = "Pattern Recognition",
volume = "76",
pages = "323 - 338",
year = "2018",
issn = "0031-3203",
doi = "https://doi.org/10.1016/j.patcog.2017.11.007",
url = "http://www.sciencedirect.com/science/article/pii/S0031320317304612",
author = "Peixia Li and Dong Wang and Lijun Wang and Huchuan Lu",
keywords = "Visual tracking, Deep learning, CNN, RNN, Pre-training, Online learning",
}

@inproceedings{wu2016physics,
  title={Physics 101: Learning Physical Object Properties from Unlabeled Videos.},
  author={Wu, Jiajun and Lim, Joseph J and Zhang, Hongyi and Tenenbaum, Joshua B and Freeman, William T},
  booktitle={BMVC},
  volume={2},
  number={6},
  pages={7},
  year={2016}
}

@inproceedings{maksai2016players,
  title={What players do with the ball: A physically constrained interaction modeling},
  author={Maksai, Andrii and Wang, Xinchao and Fua, Pascal},
  booktitle={Proceedings of the IEEE conference on computer vision and pattern recognition},
  pages={972--981},
  year={2016}
}

@inproceedings{tsoli2016tracking,
  title={Tracking deformable surfaces that undergo topological changes using an RGB-D camera},
  author={Tsoli, Aggeliki and Argyros, Antonis A},
  booktitle={2016 Fourth International Conference on 3D Vision (3DV)},
  pages={333--341},
  year={2016},
  organization={IEEE}
}

